@book{MechanicalDesignDataManual2000,
  title={Mechanical Design Data Manual},
  author={New South Wales. Technical and Further Education Commission. Manufacturing and Engineering Educational Services},
  isbn={9780734821195},
  url={https://books.google.co.uk/books?id=gDDsXwAACAAJ},
  year={2000},
  publisher={Manufacturing and Engineering Educational Services, N.S.W. TAFE Commission}
}

@misc{AlexOsborn,
  title = {Alex Faickney Osborn},
  howpublished = {\url{http://www.lahistoriadelapublicidad.com/documentos/osborn1_514.jpg}},
  note = {Accessed: 2017-11-01}
}

@book{buxton2010,
  title={Sketching user experiences: getting the design right and the right design},
  author={Buxton, Bill},
  year={2010},
  publisher={Morgan Kaufmann}
}

@book{pahl2013,
  title={Engineering design: a systematic approach},
  author={Pahl, Gerhard and Beitz, Wolfgang},
  year={2013},
  publisher={Springer Science \& Business Media}
}


@article{garvin1987,
  title={Competing on the eight dimensions of quality},
  author={Garvin, David},
  journal={Harv. Bus. Rev.},
  pages={101--109},
  year={1987}
}

@article{sosa2007,
  title={A network approach to define modularity of components in complex products},
  author={Sosa, Manuel E and Eppinger, Steven D and Rowles, Craig M},
  journal={Journal of mechanical design},
  volume={129},
  number={11},
  pages={1118--1129},
  year={2007},
  publisher={American Society of Mechanical Engineers}
}

@article{sosa2003,
  title={Identifying Modular and Integrative Systems and Their Impact on Design Team Interactions},
  author={Sosa, Manuel E and Eppinger, Steven D and Rowles, Craig M},
  journal={Journal of mechanical design},
  volume={125},
  number={2},
  pages={240--252},
  year={2003},
  publisher={American Society of Mechanical Engineers}
}

@inproceedings{gorbea2008,
  title={Analysis of hybrid vehicle architectures using multiple domain matrices},
  author={Gorbea, Carlos and Spielmannleitner, Tobias and Lindemann, Udo and Fricke, Ernst and others},
  booktitle={DSM 2008: Proceedings of the 10th International DSM Conference, Stockholm, Sweden, 11.-12.11. 2008},
  year={2008}
}

@book{eppinger2012,
  title={Design structure matrix methods and applications},
  author={Eppinger, Steven D and Browning, Tyson R},
  year={2012},
  publisher={MIT press}
}

@article{jarratt2011,
  title={Engineering change: an overview and perspective on the literature},
  author={Jarratt, TAW and Eckert, Claudia M and Caldwell, NHM and Clarkson, P John},
  journal={Research in engineering design},
  volume={22},
  number={2},
  pages={103--124},
  year={2011},
  publisher={Springer}
}

@inproceedings{design2014,
  title={The Engineering Design Process through an Understanding of the Evolution of Engineering Digital Objects},
  author={Gopsill, James A. and Shi, Lei and McMahon, Chris and Hicks, Ben J.},
  booktitle={Proceedings of the International Conference on DESIGN},
  year={2014}
}

@article{gopsill2016,
  title={Automatically generated design structure matrices: a comparison of two formula student teams},
  author={Gopsill, J.A. and Snider, C.M. and McMahon, C. and Hicks, B.J.},
  journal={Journal on Artifical Intelligence for Engineering Design, Analysis and Manufacturing},
  year={2016},
  publisher={Cambridge Journals Online}
}

@article{edmunds2011,
  title={Constraint-based modelling and optimization to support the design of complex multi-domain engineering problems},
  author={Edmunds, Rorie and Feldman, Jonathan A and Hicks, Ben J and Mullineux, Glen},
  journal={Engineering with Computers},
  volume={27},
  number={4},
  pages={319--336},
  year={2011},
  publisher={Springer}
}

@book{cross1989,
  title={Engineering design methods},
  author={Cross, Nigel and Roy, Robin},
  volume={4},
  year={1989},
  publisher={Wiley New York}
}